1541 2573
336 31 405 79 »ll

110 162 179 218 Quas
192 163 246 213 dedi
258 179 344 211 sacras
355 165 400 213 tibi
412 180 503 228 sponsa
514 165 590 229 leges,

109 264 189 327 Atque
202 264 314 313 coelestis
327 264 369 327 pia
380 266 456 312 ,verba
468 265 557 323 Patris,

108 361 148 410 Tu
161 362 201 410 diu
214 366 289 410 nociu
301 361 407 425 vigilans
419 378 462 426 per
474 364 565 436 almum

445 461 562 524 Spargito
575 460 714 509 mundum*

106 630 133 679 Si
146 631 200 694 quis
212 630 238 679 in
249 630 344 679 sanctis
356 630 485 694 remigabit
497 629 576 687 undis,

105 729 139 778 Et
151 730 223 778 simul
235 731 336 779 verbum
349 730 431 793 capiet
442 730 536 788 salutis,

103 827 154 877 Hic
167 827 228 876 mihi
240 828 307 879 vivet
316 828 419 878 rutilans
432 828 457 875 in
469 828 520 876 alto

437 927 554 992 Fulgidus
565 926 635 991 πω*

100 1093 181 1154 Atque
193 1107 235 1155 pro
247 1096 335 1140 sancta
347 1092 429 1156 populi
442 1092 528 1151 salute,

100 1190 135 1237 Et
146 1191 218 1238 simul
231 1206 316 1254 regum
328 1176 407 1239 solida
419 1191 507 1254 quiete,

84 1294 86 1297 “
99 1286 139 1335 Ad
151 1288 232 1336 Deum
245 1288 307 1337 coeli
318 1289 432 1337 diuturna
443 1289 518 1337 funde

434 1387 469 1434 Et
481 1386 523 1450 pia
534 1387 618 1450 vota.‡

54 1567 105 1606 *J0.
114 1567 141 1606 vi.
149 1578 169 1606 v.
178 1567 208 1604 38.
232 1566 343 1606 vii.v.16.
368 1566 402 1605 xij.
410 1578 429 1606 v.
438 1566 468 1613 49,
477 1567 507 1605 50.
533 1566 606 1607 Matth.
622 1570 689 1609 xxviii.
702 1580 722 1613 v.

32 1616 60 1660 19,
69 1615 101 1653 23.
126 1614 190 1653 Marc,
200 1614 240 1653 xvi.
248 1627 267 1654 v.
278 1616 307 1653 15.
333 1615 343 1650 1
353 1614 426 1653 Thess.
435 1613 460 1652 V.
469 1628 488 1654 v.
499 1616 516 1661 5,
525 1616 544 1652 5.

30 1661 189 1756 xissvffificffil
198 1675 218 1701 v.
228 1663 257 1700 16.
283 1662 315 1701 Jo.
323 1675 350 1702 111
362 1675 381 1703 v.
392 1663 421 1709 18,
430 1663 462 1702 36.
487 1662 513 1701 V.
522 1676 541 1702 v.
554 1664 586 1704 24.
611 1663 637 1703 vi.
650 1665 681 1710 40,
690 1667 722 1707 47.

54 1760 62 1801 ‡
71 1758 139 1805 Ephes
157 1756 190 1795 VI.
199 1769 219 1796 v.
230 1759 259 1797 18.
280 1756 357 1797 Coloss.
367 1757 403 1798 IV.
411 1771 431 1797 v.
439 1758 458 1807 2,
467 1759 485 1797 3.
507 1759 517 1796 1
527 1757 581 1799 Tim.
589 1759 639 1800 ΠΝ.
651 1762 667 1808 1,
675 1763 693 1807 2,
702 1762 721 1799 3.

31 1805 123 1845 IThess.
135 1805 158 1845 V.
166 1818 185 1846 v.
196 1805 226 1846 17.
290 1848 292 1850 ,
